<record xmlns="http://www.loc.gov/MARC21/slim" xmlns:xsi="http://www.w3.org/2001/XMLSchema-instance" xsi:schemaLocation="http://www.loc.gov/MARC21/slim http://www.loc.gov/standards/marcxml/schema/MARC21slim.xsd"><leader>     nam a22        4500</leader><controlfield tag="001">6263089</controlfield><controlfield tag="003">NIC</controlfield><controlfield tag="006">m        d        </controlfield><controlfield tag="007">cr cn |||m|||a</controlfield><controlfield tag="008">150316s1939    ua      o     000 0 ara d</controlfield><datafield ind1=" " ind2=" " tag="040"><subfield code="a">NNU</subfield><subfield code="b">eng</subfield><subfield code="c">NNU</subfield></datafield><datafield ind1=" " ind2="4" tag="050"><subfield code="a">BP130.86</subfield><subfield code="b">.D37 1939</subfield></datafield><datafield ind1="1" ind2=" " tag="100"><subfield code="6">880-01</subfield><subfield code="a">Dardi&#772;ri&#772;, Yah&#803;ya&#769; Ah&#803;mad.</subfield></datafield><datafield ind1="1" ind2="0" tag="245"><subfield code="6">880-02</subfield><subfield code="a">Kayfa nu&#699;allimu al-Qur&#700;a&#772;n li-abna&#772;&#700; al-Muslimi&#772;n</subfield><subfield code="h">[electronic resource] /</subfield><subfield code="c">bi-qalam Yah&#803;ya&#769; Ah&#803;mad al-Dardi&#772;ri&#772;.</subfield></datafield><datafield ind1=" " ind2=" " tag="250"><subfield code="6">880-03</subfield><subfield code="a">al-T&#803;ab&#699;ah 2.</subfield></datafield><datafield ind1=" " ind2=" " tag="260"><subfield code="6">880-04</subfield><subfield code="a">al-Qa&#772;hirah :</subfield><subfield code="b">al-Mat&#803;ba&#699;ah al-Salafi&#772;yah,</subfield><subfield code="c">1939.</subfield></datafield><datafield ind1=" " ind2=" " tag="300"><subfield code="a">online resource (31 p.)</subfield></datafield><datafield ind1=" " ind2=" " tag="500"><subfield code="a">Part of the Arabic Collections Online (ACO) project, contributed by Cornell University Libraries.</subfield></datafield><datafield ind1=" " ind2=" " tag="533"><subfield code="a">Electronic reproduction.</subfield><subfield code="b">New York, N.Y. :</subfield><subfield code="c">New York University,</subfield><subfield code="d">2015.</subfield><subfield code="5">NNU</subfield></datafield><datafield ind1="0" ind2="0" tag="630"><subfield code="a">Qur&#700;an</subfield><subfield code="x">Study and teaching.</subfield></datafield><datafield ind1="0" ind2="7" tag="630"><subfield code="a">Qur&#700;an.</subfield><subfield code="2">fast</subfield><subfield code="0">(OCoLC)fst01842877</subfield></datafield><datafield ind1=" " ind2="7" tag="650"><subfield code="a">Study skills.</subfield><subfield code="2">fast</subfield><subfield code="0">(OCoLC)fst01136216</subfield></datafield><datafield ind1="2" ind2=" " tag="710"><subfield code="a">Cornell University.</subfield><subfield code="b">Libraries.</subfield></datafield><datafield ind1="0" ind2=" " tag="730"><subfield code="a">Arabic Collections Online.</subfield></datafield><datafield ind1="0" ind2="8" tag="776"><subfield code="i">Print version:</subfield><subfield code="a">Dardi&#772;ri&#772;, Yah&#803;ya&#769; Ah&#803;mad.</subfield><subfield code="t">Kayfa nu&#699;allimu al-Qur&#700;a&#772;n li-abna&#772;&#700; al-Muslimi&#772;n</subfield><subfield code="w">(NIC)6263089</subfield><subfield code="w">(OCoLC)182765507</subfield></datafield><datafield ind1="4" ind2="0" tag="856"><subfield code="u">http://hdl.handle.net/2333.1/7h44j39s</subfield></datafield><datafield ind1="1" ind2=" " tag="880"><subfield code="6">100-01/r</subfield><subfield code="a">&#1583;&#1585;&#1583;&#1610;&#1585;&#1610;&#1548; &#1610;&#1581;&#1610;&#1609; &#1571;&#1581;&#1605;&#1583;.</subfield></datafield><datafield ind1="1" ind2="0" tag="880"><subfield code="6">245-02/r</subfield><subfield code="a">&#1603;&#1610;&#1601; &#1606;&#1593;&#1604;&#1605; &#1575;&#1604;&#1602;&#1585;&#1570;&#1606; &#1604;&#1571;&#1576;&#1606;&#1575;&#1569; &#1575;&#1604;&#1605;&#1587;&#1604;&#1605;&#1610;&#1606; /</subfield><subfield code="c">&#1576;&#1602;&#1604;&#1605; &#1610;&#1581;&#1610;&#1609; &#1571;&#1581;&#1605;&#1583; &#1575;&#1604;&#1583;&#1585;&#1583;&#1610;&#1585;&#1610;.</subfield></datafield><datafield ind1=" " ind2=" " tag="880"><subfield code="6">250-03/r</subfield><subfield code="a">&#1575;&#1604;&#1591;&#1576;&#1593;&#1577; 2.</subfield></datafield><datafield ind1=" " ind2=" " tag="880"><subfield code="6">260-04/r</subfield><subfield code="a">&#1575;&#1604;&#1602;&#1575;&#1607;&#1585;&#1577; :</subfield><subfield code="b">&#1575;&#1604;&#1605;&#1591;&#1576;&#1593;&#1577; &#1575;&#1604;&#1587;&#1604;&#1601;&#1610;&#1577;&#1548;</subfield><subfield code="c">1939.</subfield></datafield><datafield ind1=" " ind2=" " tag="959"><subfield code="a">NNU</subfield><subfield code="b">WEB</subfield><subfield code="c">GENI</subfield><subfield code="t">0</subfield><subfield code="m">Electronic access</subfield><subfield code="s">01</subfield></datafield><datafield ind1=" " ind2=" " tag="999"><subfield code="i">NIC_6263089</subfield><subfield code="o">(OCoLC)ocn182765507</subfield><subfield code="s">cornell_aco000257</subfield></datafield></record>